
% ---------- ---------- ----------
% published by Nature 

@article{lee2006perr,
  title={The PerR transcription factor senses H2O2 by metal-catalysed histidine oxidation},
  author={Lee, Jin-Won and Helmann, John D},
  journal={Nature},
  volume={440},
  number={7082},
  pages={363--367},
  year={2006},
  publisher={Nature Publishing Group}
}

@article{selkoe2004cell,
  title={Cell biology of protein misfolding: the examples of Alzheimer's and Parkinson's diseases},
  author={Selkoe, Dennis J},
  journal={Nature cell biology},
  volume={6},
  number={11},
  pages={1054--1061},
  year={2004},
  publisher={Nature Publishing Group}
}

@article{gruebele2010analytical,
	title={Analytical biochemistry: weighing up protein folding},
	author={Gruebele, Martin},
	journal={Nature},
	volume={468},
	number={7324},
	pages={640--641},
	year={2010},
	publisher={Nature Publishing Group}
}

@article{egertson2013multiplexed,
  title={Multiplexed MS/MS for improved data-independent acquisition},
  author={Egertson, Jarrett D and Kuehn, Andreas and Merrihew, Gennifer E and Bateman, Nicholas W and MacLean, Brendan X and Ting, Ying S and Canterbury, Jesse D and Marsh, Donald M and Kellmann, Markus and Zabrouskov, Vlad and others},
  journal={Nature methods},
  volume={10},
  number={8},
  pages={744--746},
  year={2013},
  publisher={Nature Publishing Group}
}

@article{distler2013drift,
  title={Drift time-specific collision energies enable deep-coverage data-independent acquisition proteomics},
  author={Distler, Ute and Kuharev, J{\"o}rg and Navarro, Pedro and Levin, Yishai and Schild, Hansj{\"o}rg and Tenzer, Stefan},
  journal={Nature methods},
  year={2013},
  publisher={Nature Publishing Group}
}

% msConvert
@article{chambers2012cross,
  title={A cross-platform toolkit for mass spectrometry and proteomics},
  author={Chambers, Matthew C and Maclean, Brendan and Burke, Robert and Amodei, Dario and Ruderman, Daniel L and Neumann, Steffen and Gatto, Laurent and Fischer, Bernd and Pratt, Brian and Egertson, Jarrett and others},
  journal={Nature biotechnology},
  volume={30},
  number={10},
  pages={918--920},
  year={2012},
  publisher={Nature Publishing Group}
}

@article{overington2006many,
	title={How many drug targets are there?},
	author={Overington, John P and Al-Lazikani, Bissan and Hopkins, Andrew L},
	journal={Nature reviews Drug discovery},
	volume={5},
	number={12},
	pages={993--996},
	year={2006},
	publisher={Nature Publishing Group}
}

@article{wuthrich2001way,
	title={The way to NMR structures of proteins},
	author={W{\"u}thrich, Kurt},
	journal={Nature Structural \& Molecular Biology},
	volume={8},
	number={11},
	pages={923--925},
	year={2001},
	publisher={Nature Publishing Group}
}

@article{glish2003basics,
  title={The basics of mass spectrometry in the twenty-first century},
  author={Glish, Gary L and Vachet, Richard W},
  journal={Nature reviews Drug discovery},
  volume={2},
  number={2},
  pages={140--150},
  year={2003},
  publisher={Nature Publishing Group}
}

% ---------- ---------- ---------- 
% related to mathematics and statistics

@article{turner2013package,
  title={Package ‘Iso’},
  author={Turner, Rolf},
  year={2013}
}

@book{durrett2010probability,
  title={Probability: theory and examples},
  author={Durrett, Rick},
  year={2010},
  publisher={Cambridge university press}
}

@article{sadygov2006central,
  title={Central limit theorem as an approximation for intensity-based scoring function},
  author={Sadygov, Rovshan and Wohlschlegel, James and Park, Sung Kyu and Xu, Tao and Yates, John R},
  journal={Analytical chemistry},
  volume={78},
  number={1},
  pages={89--95},
  year={2006},
  publisher={ACS Publications}
}

% delta method
@book{lee2006analyzing,
  title={Analyzing complex survey data},
  author={Lee, Eun Sul and Forthofer, Ronald N},
  year={2006},
  publisher={Sage}
}
@article{oehlert1992note,
  title={A note on the delta method},
  author={Oehlert, Gary W},
  journal={The American Statistician},
  volume={46},
  number={1},
  pages={27--29},
  year={1992},
  publisher={Taylor \& Francis}
}

% ---------- ---------- ---------- 

@article{porta2014cancer3d,
  title={Cancer3D: understanding cancer mutations through protein structures},
  author={Porta-Pardo, Eduard and Hrabe, Thomas and Godzik, Adam},
  journal={Nucleic acids research},
  pages={gku1140},
  year={2014},
  publisher={Oxford Univ Press}
}

@article{muntel2014comprehensive,
  title={Comprehensive absolute quantification of the cytosolic proteome of Bacillus subtilis by data independent, parallel fragmentation in liquid chromatography/mass spectrometry (LC/MSE)},
  author={Muntel, Jan and Fromion, Vincent and Goelzer, Anne and Maa$\beta$, Sandra and M{\"a}der, Ulrike and B{\"u}ttner, Knut and Hecker, Michael and Becher, D{\"o}rte},
  journal={Molecular \& Cellular Proteomics},
  volume={13},
  number={4},
  pages={1008--1019},
  year={2014},
  publisher={ASBMB}
}

@article{xu2007mass,
  title={A mass accuracy sensitive probability based scoring algorithm for database searching of tandem mass spectrometry data},
  author={Xu, Hua and Freitas, Michael A},
  journal={BMC bioinformatics},
  volume={8},
  number={1},
  pages={133},
  year={2007},
  publisher={BioMed Central Ltd}
}

@article{maleknia2014advances,
  title={Advances in radical probe mass spectrometry for protein footprinting in chemical biology applications},
  author={Maleknia, Simin D and Downard, Kevin M},
  journal={Chemical Society Reviews},
  volume={43},
  number={10},
  pages={3244--3258},
  year={2014},
  publisher={Royal Society of Chemistry}
}

%% Chapter FE

@article{allen2014competitive,
  title={Competitive fragmentation modeling of ESI-MS/MS spectra for putative metabolite identification},
  author={Allen, Felicity and Greiner, Russ and Wishart, David},
  journal={Metabolomics},
  pages={1--13},
  year={2014},
  publisher={Springer}
}


%% chapter NM

% log-normal biochem reactions model
@inproceedings{singh2006lognormal,
  title={Lognormal moment closures for biochemical reactions},
  author={Singh, Abhyudai and Hespanha, Joao Pedro},
  booktitle={Decision and Control, 2006 45th IEEE Conference on},
  pages={2063--2068},
  year={2006},
  organization={IEEE}
}

@book{encyclopedia2014clt,
	title = {Encyclopedia of Mathematics},
	howpublished = {http://www.encyclopediaofmath.org/index.php?title=Central_limit_theorem&oldid=18508},
	publisher={Springer},
	note = {Accessed: 2014-12-21} 
}

%dataset
@article{bendall2009enhanced,
  title={An enhanced mass spectrometry approach reveals human embryonic stem cell growth factors in culture},
  author={Bendall, Sean C and Hughes, Chris and Campbell, J Larry and Stewart, Morag H and Pittock, Paula and Liu, Suya and Bonneil, Eric and Thibault, Pierre and Bhatia, Mickie and Lajoie, Gilles A},
  journal={Molecular \& Cellular Proteomics},
  volume={8},
  number={3},
  pages={421--432},
  year={2009},
  publisher={ASBMB}
}

% related works

@article{anderle2004quantifying,
  title={Quantifying reproducibility for differential proteomics: noise analysis for protein liquid chromatography-mass spectrometry of human serum},
  author={Anderle, Markus and Roy, Sushmita and Lin, Hua and Becker, Christopher and Joho, Keith},
  journal={Bioinformatics},
  volume={20},
  number={18},
  pages={3575--3582},
  year={2004},
  publisher={Oxford Univ Press}
}

@article{du2008noise,
  title={A noise model for mass spectrometry based proteomics},
  author={Du, Peicheng and Stolovitzky, Gustavo and Horvatovich, Peter and Bischoff, Rainer and Lim, Jihyeon and Suits, Frank},
  journal={Bioinformatics},
  volume={24},
  number={8},
  pages={1070--1077},
  year={2008},
  publisher={Oxford Univ Press}
}
@article{karp2010addressing,
  title={Addressing accuracy and precision issues in iTRAQ quantitation},
  author={Karp, Natasha A and Huber, Wolfgang and Sadowski, Pawel G and Charles, Philip D and Hester, Svenja V and Lilley, Kathryn S},
  journal={Molecular \& Cellular Proteomics},
  volume={9},
  number={9},
  pages={1885--1897},
  year={2010},
  publisher={ASBMB}
}


@inproceedings{Parker:1989:POP:75277.75300,
 author = {Parker, D. S.},
 title = {Partial Order Programming (Extended Abstract)},
 booktitle = {Proceedings of the 16th ACM SIGPLAN-SIGACT Symposium on Principles of Programming Languages},
 series = {POPL '89},
 year = {1989},
 isbn = {0-89791-294-2},
 location = {Austin, Texas, USA},
 pages = {260--266},
 numpages = {7},
 url = {http://doi.acm.org/10.1145/75277.75300},
 doi = {10.1145/75277.75300},
 acmid = {75300},
 publisher = {ACM},
 address = {New York, NY, USA},
} 

% Related work in Chemistry

% unused
@article{fenn2003electrospray,
  title={Electrospray wings for molecular elephants (Nobel lecture)},
  author={Fenn, John B},
  journal={Angewandte Chemie International Edition},
  volume={42},
  number={33},
  pages={3871--3894},
  year={2003},
  publisher={Wiley Online Library}
}

@article{yamashita1984electrospray,
  title={Electrospray ion source. Another variation on the free-jet theme},
  author={Yamashita, Masamichi and Fenn, John B},
  journal={The Journal of Physical Chemistry},
  volume={88},
  number={20},
  pages={4451--4459},
  year={1984},
  publisher={ACS Publications}
}

@article{tanaka1988protein,
  title={Protein and polymer analyses up to m/z 100 000 by laser ionization time-of-flight mass spectrometry},
  author={Tanaka, Koichi and Waki, Hiroaki and Ido, Yutaka and Akita, Satoshi and Yoshida, Yoshikazu and Yoshida, Tamio and Matsuo, T},
  journal={Rapid communications in mass spectrometry},
  volume={2},
  number={8},
  pages={151--153},
  year={1988},
  publisher={Heyden \& Son Limited}
}

@article{maleknia1999millisecond,
  title={Millisecond radiolytic modification of peptides by synchrotron X-rays identified by mass spectrometry},
  author={Maleknia, Simin D and Brenowitz, Michael and Chance, Mark R},
  journal={Analytical chemistry},
  volume={71},
  number={18},
  pages={3965--3973},
  year={1999},
  publisher={ACS Publications}
}

@article{maleknia1999electrospray,
  title={Electrospray-assisted modification of proteins: a radical probe of protein structure},
  author={Maleknia, Simin D and Chance, Mark R and Downard, Kevin M},
  journal={Rapid communications in mass spectrometry},
  volume={13},
  number={23},
  pages={2352--2358},
  year={1999},
  publisher={Wiley Online Library}
}

@article{hambly2005laser,
  title={Laser flash photolysis of hydrogen peroxide to oxidize protein solvent-accessible residues on the microsecond timescale},
  author={Hambly, David M and Gross, Michael L},
  journal={Journal of the American Society for Mass Spectrometry},
  volume={16},
  number={12},
  pages={2057--2063},
  year={2005},
  publisher={Elsevier}
}


@article{Gerega15072006,
author = {Gerega, Sebastien K. and Downard, Kevin M.}, 
title = {PROXIMO—a new docking algorithm to model protein complexes using data from radical probe mass spectrometry (RP-MS)},
volume = {22}, 
number = {14}, 
pages = {1702-1709}, 
year = {2006}, 
doi = {10.1093/bioinformatics/btl178}, 
abstract ={The design and implementation of a new algorithm, known as PROXIMO for protein oxidation interface modeller, is described to predict the structure of protein complexes using data generated in radical probe mass spectrometry (RP-MS) experiments. Photochemical radiolysis and discharge sources can be used to effect RP-MS in which hydroxyl radicals are formed directly from the bulk solvent on millisecond timescales and react with surface accessible residues in footprinting-like experiments. The algorithm utilizes a geometric surface fitting routine to predict likely structures for protein complexes. These structures are scored based on a correlation between the measured solvent accessibility of oxidizable residue side chains and oxidation shielding data obtained by RP-MS. The algorithm has been implemented to predict structures for the ribonuclease S-protein–peptide and calmodulin–melittin complexes using RP-MS data generated in this laboratory. The former is in close agreement with the high-resolution experimental structure available.Contact:kdownard@usyd.edu.au}, 
URL = {http://bioinformatics.oxfordjournals.org/content/22/14/1702.abstract}, 
eprint = {http://bioinformatics.oxfordjournals.org/content/22/14/1702.full.pdf+html}, 
journal = {Bioinformatics} 
}




% competing work

@article{li2013improved,
  title={Improved Identification and Relative Quantification of Sites of Peptide and Protein Oxidation for Hydroxyl Radical Footprinting},
  author={Li, Xiaoyan and Li, Zixuan and Xie, Boer and Sharp, Joshua S},
  journal={Journal of The American Society for Mass Spectrometry},
  volume={24},
  number={11},
  pages={1767--1776},
  year={2013},
  publisher={Springer}
}

@article{chen2012fast,
  title={Fast photochemical oxidation of proteins and mass spectrometry follow submillisecond protein folding at the amino-acid level},
  author={Chen, Jiawei and Rempel, Don L and Gau, Brian C and Gross, Michael L},
  journal={Journal of the American Chemical Society},
  volume={134},
  number={45},
  pages={18724--18731},
  year={2012},
  publisher={ACS Publications}
}

%

@INPROCEEDINGS{6217208, 
	author={Leong Lee and Leopold, J.L. and Frank, R.L.}, 
	booktitle={Computational Intelligence in Bioinformatics and Computational Biology (CIBCB), 2012 IEEE Symposium on}, 
	title={Protein secondary structure prediction using BLAST and exhaustive RT-RICO, the search for optimal segment length and threshold}, 
	year={2012}, 
	month={May}, 
	pages={35-42}, 
	keywords={bioinformatics;biological techniques;data mining;molecular biophysics;molecular configurations;proteins;BLAST-RT-RICO;Exhaustive Relaxed Threshold Rule Induction from Coverings;amino acid sequence;bioinformatics;data mining;exhaustive RT-RICO;modified association rule learning approach;multiple sequence alignment information;optimal segment length search;optimal threshold value;prediction accuracy;protein 3D structure prediction problem;protein secondary structure prediction;rule generation algorithm;time complexity improvement;Accuracy;Amino acids;Bismuth;Prediction algorithms;Prediction methods;Proteins;Training;BLAST;data mining;protein secondary structure prediction}, 
	doi={10.1109/CIBCB.2012.6217208},
}

@article{krogh2001predicting,
	title={Predicting transmembrane protein topology with a hidden Markov model: application to complete genomes},
	author={Krogh, Anders and Larsson, Bjo{\`E}rn and Von Heijne, Gunnar and Sonnhammer, Erik LL},
	journal={Journal of molecular biology},
	volume={305},
	number={3},
	pages={567--580},
	year={2001},
	publisher={Elsevier}
}

@misc{PDB,
	title = {{PDB Current Holdings Breakdown}},
	howpublished = {http://www.rcsb.org/pdb/statistics/holdings.do},
	note = {Accessed: 2014-07-12}
}

@misc{mascot2014amino,
	title = {Mascot database search Amino acid reference data},
	howpublished = {http://www.matrixscience.com /help/aa\_help.html},
	note = {Accessed: 2015-07-05}
}

% FPOP-LC-MS/MS

@article {JPI:JPI1,
	author = {Reiter, Russel J. and Melchiorri, Daniela and Sewerynek, Ewa and Poeggeler, Burkhard and Barlow-Walden, Lorneli and Chuang, Jihing and Ortiz, Genaro Gabriel and AcuñaCastroviejo, Dario},
	title = {A review of the evidence supporting melatonin's role as an antioxidant},
	journal = {Journal of Pineal Research},
	volume = {18},
	number = {1},
	publisher = {Blackwell Publishing Ltd},
	issn = {1600-079X},
	url = {http://dx.doi.org/10.1111/j.1600-079X.1995.tb00133.x},
	doi = {10.1111/j.1600-079X.1995.tb00133.x},
	pages = {1--11},
	keywords = {melatonin, oxygen-based radicals, hydroxyl radical, peroxyl radical, antioxidative defense system, nitric oxide, lipid peroxidation, oxidative stress},
	year = {1995},
}

@article{buxton1988critical,
	title={Critical review of rate constants for reactions of hydrated electrons, hydrogen atoms and hydroxyl radicals (⋅ OH/⋅ O- in aqueous solution},
	author={Buxton, George V and Greenstock, Clive L and Helman, W Phillips and Ross, Alberta B},
	journal={Journal of physical and chemical reference data},
	volume={17},
	number={2},
	pages={513--886},
	year={1988},
	publisher={AIP Publishing}
}

@article{xu2007hydroxyl,
	title={Hydroxyl radical-mediated modification of proteins as probes for structural proteomics},
	author={Xu, Guozhong and Chance, Mark R},
	journal={Chemical reviews},
	volume={107},
	number={8},
	pages={3514--3543},
	year={2007},
	publisher={ACS Publications}
}

	% PhD thesis
@book{gau2011advancement,
	title={The advancement of mass spectrometry-based hydroxyl radical protein footprinting: Application of novel analysis methods to model proteins and apolipoprotein E},
	author={Gau, Brian Craig},
	year={2011},
	publisher={WASHINGTON UNIVERSITY IN ST. LOUIS}
}

@inproceedings{tarasova2006biolccc,
	title={BioLCCC-MS/MS Tools: a Comprehensive Approach to Sequence Dependent Retention Time Prediction},
	author={Tarasova, Irina A and Gorshkov, Alexander V and Evreinov, Victor V and Adams, Christopher M and Savitski, Mikhail M and Nielsen, Michael L and Zubarev, Roman A and Gorshkov, Michael V},
	booktitle={54 th ASMS Conference Proceedings},
	year={2006}
}


@article{boswell2011easy,
  title={Easy and accurate high-performance liquid chromatography retention prediction with different gradients, flow rates, and instruments by back-calculation of gradient and flow rate profiles},
  author={Boswell, Paul G and Schellenberg, Jonathan R and Carr, Peter W and Cohen, Jerry D and Hegeman, Adrian D},
  journal={Journal of Chromatography A},
  volume={1218},
  number={38},
  pages={6742--6749},
  year={2011},
  publisher={Elsevier}
}

% first stage MS
@book{mcnaught1997compendium,
  title={Compendium of chemical terminology},
  author={McNaught, Alan D and McNaught, Alan D},
  volume={1669},
  year={1997},
  publisher={Blackwell Science Oxford}
}

% second stage MS

@article{cooper2005role,
  title={The role of electron capture dissociation in biomolecular analysis},
  author={Cooper, Helen J and H{\aa}kansson, Kristina and Marshall, Alan G},
  journal={Mass spectrometry reviews},
  volume={24},
  number={2},
  pages={201--222},
  year={2005},
  publisher={Wiley Online Library}
}

@article{syka2004peptide,
  title={Peptide and protein sequence analysis by electron transfer dissociation mass spectrometry},
  author={Syka, John EP and Coon, Joshua J and Schroeder, Melanie J and Shabanowitz, Jeffrey and Hunt, Donald F},
  journal={Proceedings of the National Academy of Sciences of the United States of America},
  volume={101},
  number={26},
  pages={9528--9533},
  year={2004},
  publisher={National Acad Sciences}
}

@article{Coon2005880,
title = "Electron Transfer Dissociation of Peptide Anions ",
journal = "Journal of the American Society for Mass Spectrometry ",
volume = "16",
number = "6",
pages = "880 - 882",
year = "2005",
note = "",
issn = "1044-0305",
doi = "http://dx.doi.org/10.1016/j.jasms.2005.01.015",
url = "http://www.sciencedirect.com/science/article/pii/S1044030505000735",
author = "Joshua J. Coon and Jeffrey Shabanowitz and Donald F. Hunt and John E.P. Syka",
abstract = "Ion/ion reactions of multiply deprotonated peptide anions with xenon radical cations result in electron abstraction to generate charge-reduced peptide anions containing a free-radical site. Peptide backbone cleavage then occurs by hydrogen radical abstraction from a backbone amide N to facilitate cleavage of the adjacent \{CC\} bond, thereby producing a- and x-type product ions. Introduction of free-radical sites to multiply charged peptides allows access to new fragmentation pathways that are otherwise too costly (e.g., lowers activation energies). Further, ion/ion chemistry, namely electron transfer reactions, presents a rapid and efficient means of generating odd-electron multiply charged peptides; these reactions can be used for studying gas-phase chemistries and for peptide sequence analysis. "
}

% mass spec processing raw signals
@article{urban2014fundamental,
  title={Fundamental definitions and confusions in mass spectrometry about mass assignment, centroiding and resolution},
  author={Urban, Jan and Afseth, Nils Kristian and {\v{S}}tys, Dalibor},
  journal={TrAC Trends in Analytical Chemistry},
  volume={53},
  pages={126--136},
  year={2014},
  publisher={Elsevier}
}

@article{cottrell1999probability,
  title={Probability-based protein identification by searching sequence databases using mass spectrometry data},
  author={Cottrell, John S and London, U},
  journal={Electrophoresis},
  volume={20},
  number={18},
  pages={3551--3567},
  year={1999}
}

@article{zhang2012peaks,
  title={PEAKS DB: de novo sequencing assisted database search for sensitive and accurate peptide identification},
  author={Zhang, Jing and Xin, Lei and Shan, Baozhen and Chen, Weiwu and Xie, Mingjie and Yuen, Denis and Zhang, Weiming and Zhang, Zefeng and Lajoie, Gilles A and Ma, Bin},
  journal={Molecular \& Cellular Proteomics},
  volume={11},
  number={4},
  pages={M111--010587},
  year={2012},
  publisher={ASBMB}
}

@article{eng1994approach,
  title={An approach to correlate tandem mass spectral data of peptides with amino acid sequences in a protein database},
  author={Eng, Jimmy K and McCormack, Ashley L and Yates, John R},
  journal={Journal of the American Society for Mass Spectrometry},
  volume={5},
  number={11},
  pages={976--989},
  year={1994},
  publisher={Springer}
}

@article{kim2010generating,
  title={The generating function of CID, ETD, and CID/ETD pairs of tandem mass spectra: applications to database search},
  author={Kim, Sangtae and Mischerikow, Nikolai and Bandeira, Nuno and Navarro, J Daniel and Wich, Louis and Mohammed, Shabaz and Heck, Albert JR and Pevzner, Pavel A},
  journal={Molecular \& Cellular Proteomics},
  volume={9},
  number={12},
  pages={2840--2852},
  year={2010},
  publisher={ASBMB}
}

@article{craig2004tandem,
  title={TANDEM: matching proteins with tandem mass spectra},
  author={Craig, Robertson and Beavis, Ronald C},
  journal={Bioinformatics},
  volume={20},
  number={9},
  pages={1466--1467},
  year={2004},
  publisher={Oxford Univ Press}
}

@article{geer2004open,
  title={Open mass spectrometry search algorithm},
  author={Geer, Lewis Y and Markey, Sanford P and Kowalak, Jeffrey A and Wagner, Lukas and Xu, Ming and Maynard, Dawn M and Yang, Xiaoyu and Shi, Wenyao and Bryant, Stephen H},
  journal={Journal of proteome research},
  volume={3},
  number={5},
  pages={958--964},
  year={2004},
  publisher={ACS Publications}
}

@book{naik2012essentials,
  title={Essentials of Biochemistry},
  author={Naik, Pankaja},
  year={2012},
  publisher={Jaypee Bros. Medical Publishers},
}

@book{eidhammer2008computational,
  title={Computational methods for mass spectrometry proteomics},
  author={Eidhammer, Ingvar and Flikka, Kristian and Martens, Lennart and Mikalsen, Svein-Ole},
  year={2008},
  publisher={John Wiley \& Sons}
}

@article{dongre1996influence,
  title={Influence of peptide composition, gas-phase basicity, and chemical modification on fragmentation efficiency: Evidence for the mobile proton model},
  author={Dongre, Ashok R and Jones, Jennifer L and Somogyi, {\'A}rp{\'a}d and Wysocki, Vicki H},
  journal={Journal of the American Chemical Society},
  volume={118},
  number={35},
  pages={8365--8374},
  year={1996},
  publisher={ACS Publications}
}

@article{banerjee2012electrospray,
  title={Electrospray ionization mass spectrometry: a technique to access the information beyond the molecular weight of the analyte},
  author={Banerjee, Shibdas and Mazumdar, Shyamalava},
  journal={International journal of analytical chemistry},
  volume={2012},
  year={2012},
  publisher={Hindawi Publishing Corporation}
}

@article{gorman1992proton,
  title={Proton affinities of the 20 common. alpha.-amino acids},
  author={Gorman, Greg S and Speir, J Paul and Turner, Cheryl A and Amster, I Jonathan},
  journal={Journal of the American Chemical Society},
  volume={114},
  number={10},
  pages={3986--3988},
  year={1992},
  publisher={ACS Publications}
}

@article{charvatova2008quantifying,
  title={Quantifying protein interface footprinting by hydroxyl radical oxidation and molecular dynamics simulation: application to galectin-1},
  author={Charv{\'a}tov{\'a}, Olga and Foley, B Lachele and Bern, Marshall W and Sharp, Joshua S and Orlando, Ron and Woods, Robert J},
  journal={Journal of the American Society for Mass Spectrometry},
  volume={19},
  number={11},
  pages={1692--1705},
  year={2008},
  publisher={Elsevier}
}

@article{jones2009comprehensive,
	year={2009},
	issn={1044-0305},
	journal={Journal of the American Society for Mass Spectrometry},
	volume={20},
	number={1},
	doi={10.1007/BF03215749},
	title={Monday morning oral sessions},
	url={http://dx.doi.org/10.1007/BF03215749},
	publisher={Springer-Verlag},
	pages={S7-S9},
	language={English}
}



@article{murray2013definitions,
  title={Definitions of terms relating to mass spectrometry (IUPAC recommendations 2013)},
  author={Murray, Kermit K and Boyd, Robert K and Eberlin, Marcos N and Langley, G John and Li, Liang and Naito, Yasuhide},
  journal={Pure and Applied Chemistry},
  volume={85},
  number={7},
  pages={1515--1609},
  year={2013}
}

@article{maurus1997myoglobin,
  title={A myoglobin variant with a polar substitution in a conserved hydrophobic cluster in the heme binding pocket},
  author={Maurus, Robert and Overall, Christopher M and Bogumil, Ralf and Luo, Yaoguang and Mauk, A Grant and Smith, Michael and Brayer, Gary D},
  journal={Biochimica et Biophysica Acta (BBA)-Protein Structure and Molecular Enzymology},
  volume={1341},
  number={1},
  pages={1--13},
  year={1997},
  publisher={Elsevier}
}

@article{ahmad2004asaview,
  title={ASAView: database and tool for solvent accessibility representation in proteins},
  author={Ahmad, Shandar and Gromiha, Michael and Fawareh, Hamed and Sarai, Akinori},
  journal={BMC bioinformatics},
  volume={5},
  number={1},
  pages={51},
  year={2004},
  publisher={BioMed Central Ltd}
}

@article{wattenberg2002sequence,
  title={Sequence dependent fragmentation of peptides generated by MALDI quadrupole time-of-flight (MALDI Q-TOF) mass spectrometry and its implications for protein identification},
  author={Wattenberg, Andreas and Organ, Andrew J and Schneider, Klaus and Tyldesley, Richard and Bordoli, Robert and Bateman, Robert H},
  journal={Journal of the American Society for Mass Spectrometry},
  volume={13},
  number={7},
  pages={772--783},
  year={2002},
  publisher={Elsevier}
}

@article{sun2007improved,
  title={Improved validation of peptide MS/MS assignments using spectral intensity prediction},
  author={Sun, Shaojun and Meyer-Arendt, Karen and Eichelberger, Brian and Brown, Robert and Yen, Chia-Yu and Old, William M and Pierce, Kevin and Cios, Krzysztof J and Ahn, Natalie G and Resing, Katheryn A},
  journal={Molecular \& Cellular Proteomics},
  volume={6},
  number={1},
  pages={1--17},
  year={2007},
  publisher={ASBMB}
}

% MSE

@article{plumb2006uplc,
  title={UPLC/MSE; a new approach for generating molecular fragment information for biomarker structure elucidation},
  author={Plumb, Robert S and Johnson, Kelly A and Rainville, Paul and Smith, Brian W and Wilson, Ian D and Castro-Perez, Jose M and Nicholson, Jeremy K},
  journal={Rapid communications in mass spectrometry},
  volume={20},
  number={13},
  pages={1989--1994},
  year={2006},
  publisher={Wiley Online Library}
}

@article{bateman2007mse,
  title={MSE with mass defect filtering for in vitro and in vivo metabolite identification},
  author={Bateman, Kevin P and Castro-Perez, Jose and Wrona, Mark and Shockcor, John P and Yu, Kate and Oballa, Renata and Nicoll-Griffith, Deborah A},
  journal={Rapid communications in mass spectrometry},
  volume={21},
  number={9},
  pages={1485--1496},
  year={2007},
  publisher={Wiley Online Library}
}



% main citations

@article{vahidi2012mapping,
  title={Mapping pH-induced protein structural changes under equilibrium conditions by pulsed oxidative labeling and mass spectrometry},
  author={Vahidi, Siavash and Stocks, Bradley B and Liaghati-Mobarhan, Yalda and Konermann, Lars},
  journal={Analytical chemistry},
  volume={84},
  number={21},
  pages={9124--9130},
  year={2012},
  publisher={ACS Publications}
}

@article{ma2003peaks,
  title={PEAKS: powerful software for peptide de novo sequencing by tandem mass spectrometry},
  author={Ma, Bin and Zhang, Kaizhong and Hendrie, Christopher and Liang, Chengzhi and Li, Ming and Doherty-Kirby, Amanda and Lajoie, Gilles},
  journal={Rapid communications in mass spectrometry},
  volume={17},
  number={20},
  pages={2337--2342},
  year={2003},
  publisher={Wiley Online Library}
}



